@book{ls,
  title={Essentials of Biostatistics in Public Health},
  author={Sullivan, L.M.},
  isbn={9781284142747},
  url={https://books.google.com/books?id=8dhLDgAAQBAJ},
  year={2017},
  publisher={Jones \& Bartlett Learning}
}
